<record><leader>00000cas a2200000 a 4500</leader><controlfield tag="001">2739515</controlfield><controlfield tag="008">770215d18901977nyumr pe      0   h0yidoc</controlfield><datafield ind1=" " ind2=" " tag="010"><subfield code="a">   95647488 </subfield><subfield code="z">sn 78001293 </subfield></datafield><datafield ind1=" " ind2=" " tag="040"><subfield code="a">PIT</subfield><subfield code="b">eng</subfield><subfield code="c">PIT</subfield><subfield code="d">MUL</subfield><subfield code="d">NSD</subfield><subfield code="d">IUL</subfield><subfield code="d">DLC</subfield><subfield code="d">NST</subfield><subfield code="d">DLC</subfield><subfield code="d">NYS</subfield><subfield code="d">OCLCQ</subfield><subfield code="d">DLC</subfield><subfield code="d">OCLCQ</subfield></datafield><datafield ind1=" " ind2=" " tag="012"><subfield code="a">2</subfield><subfield code="i">9602</subfield><subfield code="m">d</subfield></datafield><datafield ind1="0" ind2=" " tag="022"><subfield code="a">0016-0733</subfield><subfield code="l">0016-0733</subfield><subfield code="2">1</subfield></datafield><datafield ind1=" " ind2=" " tag="032"><subfield code="a">209940</subfield><subfield code="b">USPS</subfield></datafield><datafield ind1="0" ind2=" " tag="041"><subfield code="a">yid</subfield><subfield code="a">eng</subfield></datafield><datafield ind1=" " ind2=" " tag="042"><subfield code="a">nsdp</subfield><subfield code="a">pcc</subfield></datafield><datafield ind1=" " ind2=" " tag="043"><subfield code="a">n-us-ny</subfield></datafield><datafield ind1="0" ind2="0" tag="050"><subfield code="a">Newspaper</subfield></datafield><datafield ind1=" " ind2="0" tag="222"><subfield code="a">Fraye arbet&#803;er sht&#803;ime</subfield></datafield><datafield ind1="0" ind2="0" tag="245"><subfield code="a">Freie arbeiter stimme =</subfield><subfield code="b">Fraye arbayt&#803;er sht&#803;ime = Free voice of labor.</subfield></datafield><datafield ind1="3" ind2="1" tag="246"><subfield code="a">Fraye arbayt&#803;er sht&#803;ime</subfield></datafield><datafield ind1="3" ind2="1" tag="246"><subfield code="a">Free voice of labor</subfield></datafield><datafield ind1="1" ind2=" " tag="246"><subfield code="i">Issues for &lt;Jan. 15, 1958-&gt; have title:</subfield><subfield code="a">Fraye arbet&#803;er sht&#803;ime</subfield></datafield><datafield ind1=" " ind2=" " tag="260"><subfield code="a">New York :</subfield><subfield code="b">[O. fg.]</subfield></datafield><datafield ind1=" " ind2=" " tag="300"><subfield code="a">v. ;</subfield><subfield code="c">45 cm.</subfield></datafield><datafield ind1=" " ind2=" " tag="310"><subfield code="a">Monthly</subfield></datafield><datafield ind1="1" ind2=" " tag="362"><subfield code="a">First ser. began with June 1890 issue and ceased with v. 3, no. 11 (Mar. 25, 1892); n.s., v. 1 began with Oct. 6, 1899 issue.</subfield></datafield><datafield ind1="0" ind2=" " tag="362"><subfield code="a">-87th year, n.s., no. 12 (Dec. 1977) = whole no. 3052.</subfield></datafield><datafield ind1=" " ind2=" " tag="515"><subfield code="a">Suspended July 24-Dec. 4, 1920.</subfield></datafield><datafield ind1=" " ind2=" " tag="530"><subfield code="a">Available on microfilm from Library of Congress and New York Public Library.</subfield></datafield><datafield ind1=" " ind2=" " tag="546"><subfield code="a">In Yiddish with later articles in English.</subfield></datafield><datafield ind1=" " ind2=" " tag="550"><subfield code="a">Nos. for &lt;Jan. 15, 1958-&gt; published by Free Voice of Labor Association.</subfield></datafield><datafield ind1=" " ind2=" " tag="588"><subfield code="a">Description based on: 37th year, no. 1 (Jan. 3, 1936) = whole no. 1770; title from caption.</subfield></datafield><datafield ind1=" " ind2=" " tag="588"><subfield code="a">Latest issue consulted: 87th year, n.s. no. 12 (Dec. 1977) = whole no. 3052.</subfield></datafield><datafield ind1=" " ind2="0" tag="650"><subfield code="a">Anarchism</subfield><subfield code="v">Newspapers.</subfield></datafield><datafield ind1=" " ind2="0" tag="650"><subfield code="a">Jewish newspapers</subfield><subfield code="z">United States.</subfield></datafield><datafield ind1=" " ind2="0" tag="650"><subfield code="a">Labor</subfield><subfield code="z">United States</subfield><subfield code="v">Newspapers.</subfield></datafield><datafield ind1=" " ind2="0" tag="651"><subfield code="a">New York (N.Y.)</subfield><subfield code="v">Newspapers.</subfield></datafield><datafield ind1=" " ind2="0" tag="651"><subfield code="a">New York County (N.Y.)</subfield><subfield code="v">Newspapers.</subfield></datafield><datafield ind1="2" ind2=" " tag="710"><subfield code="a">Free Voice of Labor Association.</subfield></datafield><datafield ind1="2" ind2=" " tag="710"><subfield code="a">Paul Avrich Collection (Library of Congress)</subfield><subfield code="5">DLC</subfield></datafield><datafield ind1="0" ind2=" " tag="730"><subfield code="a">Fraye gezelshaft&#803; (New York, N.Y. : 1910)</subfield></datafield><datafield ind1=" " ind2=" " tag="752"><subfield code="a">United States</subfield><subfield code="b">New York</subfield><subfield code="c">New York</subfield><subfield code="d">New York.</subfield></datafield><datafield ind1="0" ind2=" " tag="770"><subfield code="t">Fraye gezelshaft&#803; (New York, N.Y. : 1910)</subfield><subfield code="w">(DLC)   95647484</subfield><subfield code="w">(OCoLC)12157496</subfield></datafield><datafield ind1=" " ind2=" " tag="850"><subfield code="a">DLC</subfield><subfield code="a">KU-S</subfield></datafield><datafield ind1="1" ind2=" " tag="029"><subfield code="a">AU@</subfield><subfield code="b">000013436109</subfield></datafield><datafield ind1="1" ind2=" " tag="029"><subfield code="a">ZWZ</subfield><subfield code="b">036294446</subfield></datafield></record>